% This file was created with Citavi 6.10.0.0

@article{Pesciullesi.2020,
 author = {Pesciullesi, Giorgio and Schwaller, Philippe and Laino, Teodoro and Reymond, Jean-Louis},
 year = {2020},
 title = {Transfer learning enables the molecular transformer to predict regio- and stereoselective reactions on carbohydrates},
 pages = {4874},
 volume = {11},
 number = {1},
 issn = {2041-1723},
 journal = {Nature Communications},
 doi = {10.1038/s41467-020-18671-7}
}


